<?xml version="1.0" encoding="UTF-8" ?><marc:collection xmlns:marc="http://www.loc.gov/MARC21/slim" xmlns:xsi="http://www.w3.org/2001/XMLSchema-instance" xsi:schemaLocation="http://www.loc.gov/MARC21/slim http://www.loc.gov/standards/marcxml/schema/MARC21slim.xsd">
<marc:record><marc:leader>05548nam a2200397Ia 4500</marc:leader>
<marc:controlfield tag="005">20181009151200.0</marc:controlfield>
<marc:controlfield tag="008">181009s2018    bl            000 0 por d</marc:controlfield><marc:datafield tag="040" ind1=" " ind2=" "><marc:subfield code="a">USP/SIBI</marc:subfield></marc:datafield><marc:datafield tag="041" ind1="0" ind2=" "><marc:subfield code="a">por</marc:subfield></marc:datafield><marc:datafield tag="044" ind1=" " ind2=" "><marc:subfield code="a">bl</marc:subfield></marc:datafield><marc:datafield tag="100" ind1="1" ind2=" "><marc:subfield code="a">Quevedo, Elisiane da Silva</marc:subfield></marc:datafield><marc:datafield tag="242" ind1="0" ind2="0"><marc:subfield code="a">Humiliated and insulted</marc:subfield><marc:subfield code="b">the Carés in The Time and the Wind, by Érico Veríssimo</marc:subfield></marc:datafield><marc:datafield tag="245" ind1="1" ind2="0"><marc:subfield code="a">Humilhados e ofendidos</marc:subfield><marc:subfield code="b">os Carés em O Tempo e o Vento, de Érico Veríssimo</marc:subfield></marc:datafield><marc:datafield tag="260" ind1=" " ind2=" "><marc:subfield code="a">São Paulo</marc:subfield><marc:subfield code="c">2018</marc:subfield></marc:datafield><marc:datafield tag="300" ind1=" " ind2=" "><marc:subfield code="a">190 f</marc:subfield></marc:datafield><marc:datafield tag="502" ind1=" " ind2=" "><marc:subfield code="a">Dissertação (Mestrado)</marc:subfield></marc:datafield><marc:datafield tag="520" ind1=" " ind2=" "><marc:subfield code="a">Esta dissertação tematiza a configuração das personagens de sobrenome Caré na trilogia O Tempo e o Vento, do escritor sul-rio-grandense Erico Verissimo (1905-1975). Lulu Caré, José Caré (Juca Feio), Quincas Caré, Chiru Caré, João Caré, Mingote Caré, Pedro Caré, Mané Caré, Ismália Caré, Lauro Caré, Romualdinho Caré, Antônia, Ondina Caré, Joaninha Caré são representantes de uma classe de indivíduos espoliados presentes nas três partes do romance: O continente, O retrato e O arquipélago. Ladeando o enredo principal, quase despercebidos do leitor, os Carés contrapõem-se aos protagonistas, os representantes da aristocracia. São sujeitos livres, mas &quot;sem eira nem beira&quot;, desvalidos, que vivem, inicialmente, errantes, e que, posteriormente, passam a viver nas franjas da propriedade dos Terra Cambará, dependentes da solidariedade dos poderosos. O objetivo desta dissertação é explorar a configuração dos Carés ao longo da trilogia, buscando observar as relações entre ficção e experiência da realidade. Para tanto, a dissertação aborda: 1. a relação entre os Carés e o sentido de &quot;raça&quot; ou mestiçagem, analisando-se a linhagem dos Carés em um viés étnico; 2. a relação entre os Carés e a ideia de &quot;gaúcho&quot;, procurando inquirir se eles se enquadrariam ou não em um modelo culturalmente preconcebido - destemido, audacioso, íntegro, com seu cavalo e indumentária típica; 3. a conexão entre Carés e a terra (o Continente de São Pedro, o estado do Rio Grande do Sul, a fazenda do grande</marc:subfield></marc:datafield><marc:datafield tag="590" ind1=" " ind2=" "><marc:subfield code="d">Culturas e Identidades Brasileiras</marc:subfield></marc:datafield><marc:datafield tag="520" ind1=" " ind2=" "><marc:subfield code="a">proprietário) que os abriga, mas sobre a qual não têm direito; 4. a relação entre os Carés e a guerra, sublinhando a incongruência entre sujeitos rechaçados pela sociedade em tempos de paz e apreciados em tempos de conflito. Focaliza, igualmente, a relação da sociedade descrita por Erico com as mulheres Carés, tratadas como objetos sexuais dos estancieiros</marc:subfield></marc:datafield><marc:datafield tag="600" ind1="1" ind2="7"><marc:subfield code="a">Veríssimo, Erico</marc:subfield><marc:subfield code="d">1905-1975</marc:subfield><marc:subfield code="2">larpcal</marc:subfield></marc:datafield><marc:datafield tag="650" ind1=" " ind2="7"><marc:subfield code="a">LITERATURA BRASILEIRA</marc:subfield><marc:subfield code="2">larpcal</marc:subfield></marc:datafield><marc:datafield tag="650" ind1=" " ind2="7"><marc:subfield code="a">POBREZA</marc:subfield><marc:subfield code="2">larpcal</marc:subfield></marc:datafield><marc:datafield tag="650" ind1=" " ind2="7"><marc:subfield code="a">PERSONAGENS</marc:subfield><marc:subfield code="2">larpcal</marc:subfield></marc:datafield><marc:datafield tag="650" ind1=" " ind2="7"><marc:subfield code="a">ROMANCE</marc:subfield><marc:subfield code="x">CRÍTICA E INTERPRETAÇÃO</marc:subfield><marc:subfield code="z">BRASIL</marc:subfield><marc:subfield code="2">larpcal</marc:subfield></marc:datafield><marc:datafield tag="700" ind1="1" ind2=" "><marc:subfield code="a">Moraes, Marcos Antonio de</marc:subfield><marc:subfield code="4">orient</marc:subfield></marc:datafield><marc:datafield tag="856" ind1="0" ind2=" "><marc:subfield code="z">e-mail do autor</marc:subfield><marc:subfield code="u">mailto://elisianequevedo@yahoo.com.br</marc:subfield><marc:subfield code="3">E-mail do autor</marc:subfield></marc:datafield><marc:datafield tag="856" ind1="4" ind2="1"><marc:subfield code="z">Clicar sobre o botão para acesso ao texto</marc:subfield><marc:subfield code="u">http://www.teses.usp.br/teses/disponiveis/31/31131/tde-26092018-122554/</marc:subfield><marc:subfield code="3">BDTD</marc:subfield></marc:datafield><marc:datafield tag="856" ind1="0" ind2=" "><marc:subfield code="z">e-mail do orientador</marc:subfield><marc:subfield code="u">mailto://mamoraes@usp.br</marc:subfield><marc:subfield code="3">E-mail do orientador</marc:subfield></marc:datafield><marc:datafield tag="940" ind1=" " ind2=" "><marc:subfield code="a">This dissertation thematizes the configuration of the characters surnamed Caré in the trilogy &quot;The Time and the Wind&quot;, written by the Rio Grande do Sul State writer, Erico Verissimo (1905-1975). Lulu Caré, José Caré (Juca Feio), Quincas Caré, Chiru Caré, João Caré, Mingote Caré, Pedro Caré, Mané Caré, Ismália Caré, Lauro Caré, Romualdinho Caré, Antônia, Ondina Caré and Joaninha Caré are representatives of a class of stolen individuals present in the three parts of the novel: The Continent, The Portrait and The Archipelago. Besides the main plot, almost unnoticed by the reader, the Carés counterpoint the protagonists, the representatives of the aristocracy. They are free subjects, but without anything to call their own, helpless, who live, initially, wandering, and who, later, live in the fringes of the Terra Cambará property, dependent on the solidarity of the powerful. The purpose of this dissertation is to explore the configuration of the Carés throughout the trilogy, seeking to observe the relations between fiction and reality experience. To do so, the dissertation addresses: 1. the relationship between the Cares and the sense of &quot;race&quot; or miscegenation, analyzing the lineage of the Carés in an ethnic bias; 2. The relation between the Cares and the idea of &quot;gaucho&quot;, trying to inquire whether or not they fit into a culturally preconceived model - fearless, audacious, upright, with his typical horse and typical clothing; 3. The connection between Carés and the land</marc:subfield></marc:datafield><marc:datafield tag="940" ind1=" " ind2=" "><marc:subfield code="a">(the Continent of Saint Peter, the Rio Grande do Sul State, the farm of the great owner) that houses them, but which they are not entitled; 4, the relationship between the Cares and the war, highlighting the incongruity between subjects rejected by society in times of peace and appreciated in times of conflict. It also focuses on the relationship of the society described by Erico with the Carés women, treated as sexual objects of the ranchers</marc:subfield></marc:datafield><marc:datafield tag="945" ind1=" " ind2=" "><marc:subfield code="a">T</marc:subfield><marc:subfield code="b">TESE</marc:subfield><marc:subfield code="c">T</marc:subfield><marc:subfield code="i">05.07.2018</marc:subfield><marc:subfield code="j">2018</marc:subfield></marc:datafield><marc:datafield tag="946" ind1=" " ind2=" "><marc:subfield code="a">QUEVEDO, ELISIANE DA SILVA</marc:subfield><marc:subfield code="b">7784922</marc:subfield><marc:subfield code="e">IEB</marc:subfield><marc:subfield code="f">INSTITUTO DE ESTUDOS BRASILEIROS</marc:subfield><marc:subfield code="q">ME</marc:subfield><marc:subfield code="r">05.07.2018</marc:subfield><marc:subfield code="s">S</marc:subfield><marc:subfield code="o">2103606</marc:subfield></marc:datafield><marc:datafield tag="952" ind1=" " ind2=" "><marc:subfield code="a">Brazilian Literature</marc:subfield><marc:subfield code="f">Proveniente da Base Teses Digitais da USP</marc:subfield></marc:datafield><marc:datafield tag="952" ind1=" " ind2=" "><marc:subfield code="a">Characters</marc:subfield><marc:subfield code="f">Proveniente da Base Teses Digitais da USP</marc:subfield></marc:datafield><marc:datafield tag="952" ind1=" " ind2=" "><marc:subfield code="a">Novel</marc:subfield><marc:subfield code="f">Proveniente da Base Teses Digitais da USP</marc:subfield></marc:datafield><marc:datafield tag="952" ind1=" " ind2=" "><marc:subfield code="a">Poverty</marc:subfield><marc:subfield code="f">Proveniente da Base Teses Digitais da USP</marc:subfield></marc:datafield></marc:record>
</marc:collection>
